@book{wasserman1994social,
  title={Social network analysis: Methods and applications},
  author={Wasserman, Stanley and Faust, Katherine},
  volume={8},
  year={1994},
  publisher={Cambridge University Press}
}

@article{newman2003structure,
  title={The structure and function of complex networks},
  author={Newman, Mark EJ},
  journal={SIAM Review},
  volume={45},
  number={2},
  pages={167--256},
  year={2003},
  publisher={SIAM}
}

@book{barabasi2016network,
  title={Network science},
  author={Barab{\'a}si, Albert-L{\'a}szl{\'o}},
  year={2016},
  publisher={Cambridge University Press}
}

@article{leskovec2016snap,
  title={SNAP: A general-purpose network analysis and graph-mining library},
  author={Leskovec, Jure and Sosi{\v{c}}, Rok},
  journal={ACM Transactions on Intelligent Systems and Technology (TIST)},
  volume={8},
  number={1},
  pages={1--20},
  year={2016},
  publisher={ACM}
}

@article{granovetter1973strength,
  title={The strength of weak ties},
  author={Granovetter, Mark S},
  journal={American Journal of Sociology},
  volume={78},
  number={6},
  pages={1360--1380},
  year={1973},
  publisher={University of Chicago Press}
}

@article{watts1998collective,
  title={Collective dynamics of 'small-world' networks},
  author={Watts, Duncan J and Strogatz, Steven H},
  journal={Nature},
  volume={393},
  number={6684},
  pages={440--442},
  year={1998},
  publisher={Nature Publishing Group}
}

@article{girvan2002community,
  title={Community structure in social and biological networks},
  author={Girvan, Michelle and Newman, Mark EJ},
  journal={Proceedings of the National Academy of Sciences},
  volume={99},
  number={12},
  pages={7821--7826},
  year={2002},
  publisher={National Academy of Sciences}
}

@inproceedings{backstrom2006group,
  title={Group formation in large social networks: membership, growth, and evolution},
  author={Backstrom, Lars and Huttenlocher, Dan and Kleinberg, Jon and Lan, Xiangyang},
  booktitle={Proceedings of the 12th ACM SIGKDD international conference on Knowledge discovery and data mining},
  pages={44--54},
  year={2006}
}

@inproceedings{kempe2003maximizing,
  title={Maximizing the spread of influence through a social network},
  author={Kempe, David and Kleinberg, Jon and Tardos, {\'E}va},
  booktitle={Proceedings of the ninth ACM SIGKDD international conference on Knowledge discovery and data mining},
  pages={137--146},
  year={2003}
}

@article{newman2004finding,
  title={Finding and evaluating community structure in networks},
  author={Newman, Mark EJ and Girvan, Michelle},
  journal={Physical Review E},
  volume={69},
  number={2},
  pages={026113},
  year={2004},
  publisher={APS}
}

@article{liben2007link,
  title={The link-prediction problem for social networks},
  author={Liben-Nowell, David and Kleinberg, Jon},
  journal={Journal of the American Society for Information Science and Technology},
  volume={58},
  number={7},
  pages={1019--1031},
  year={2007},
  publisher={Wiley Online Library}
}

@article{fortunato2010community,
  title={Community detection in graphs},
  author={Fortunato, Santo},
  journal={Physics Reports},
  volume={486},
  number={3-5},
  pages={75--174},
  year={2010},
  publisher={Elsevier}
}